@article{houghton-microaspiration-2016,
 doi = {10.1038/nrgastro.2016.91},
 url = {http://dx.doi.org/10.1038/nrgastro.2016.91},
 year = {2016},
 volume = {13},
 number = {8},
 pages = {445--460},
 author = {Houghton, L. A. and Lee, A. S. and Badri, H. and DeVault, K. R. and Smith, J. A.},
 title = {Respiratory disease and the oesophagus: reflux, reflexes and microaspiration},
 journal = {Nature Reviews Gastroenterology \& Hepatology}
}
@article{almomani-cf_sputum-2016,
 doi = {doi:10.1038/srep26985},
 url = {http://dx.doi.org/10.1038/srep26985},
 year = {2016},
 volume = {6},
 author = {Al-Momani, H. and Perry, A. and Stewart, C.J. and Jones, R. and Krishnan, A. and Robertson and A.G. and Bourke, S. and Doe, S. and Cummings, S.P. and Anderson, A. and Forrest, T.},
 title = {Microbiological profiles of sputum and gastric juice aspirates in Cystic Fibrosis patients},
 journal = {Scientific Reports}
}
@article{reen-aspirated_bile-2014,
 doi = {doi:10.1007/s10096-014-2133-8},
 url = {http://dx.doi.org/10.1007/s10096-014-2133-8},
 year = {2014},
 volume = {33},
 number = {10},
 pages = {1763--1771},
 author = {Reen, F.J. and Woods, D.F. and Mooij and M.J. and Chróinín, M.N. and Mullane, D. and Zhou, L. and Quille, J. and Fitzpatrick, D. and Glennon, J.D. and McGlacken, G.P. and Adams, C.},
 title = {Aspirated bile: a major host trigger modulating respiratory pathogen colonisation in cystic fibrosis patients},
 journal = {European Journal of Clinical Microbiology \& Infectious Diseases}
}
@article{vakil-gerd_defn-2006,
 doi = {doi:10.1111/j.1572-0241.2006.00630.x},
 url = {http://dx.doi.org/10.1111/j.1572-0241.2006.00630.x},
 year = {2006},
 volume = {101},
 number = {8},
 pages = {1900--1920},
 author = {Vakil, N. and Van Zanten, S.V. and Kahrilas, P. and Dent, J. and Jones, R.},
 title = {The Montreal definition and classification of gastroesophageal reflux disease: a global evidence-based consensus},
 journal = {The American journal of gastroenterology}
}
@article{dent-gerd_epi-2005,
 doi = {10.1136/gut.2004.051821},
 url = {http://dx.doi.org/10.1136/gut.2004.051821},
 year = {2005},
 volume = {54},
 number = {5},
 pages = {710--717},
 author = {Dent, J. and El-Serag, H.B. and Wallander, M. and Johansson, S.},
 title = {Epidemiology of gastro-oesophageal reflux disease: a systematic review},
 journal = {Gut}
}
@article{lee-pulm_asp-2014,
 doi = {10.1378/chest.13-3028},
 url = {http://dx.doi.org/10.1378/chest.13-3028},
 year = {2014},
 volume = {146},
 number = {4},
 pages = {899--907},
 author = {Lee, A. and Festic, E. and Park, P.K. and Raghavendran, K. and Dabbagh, O. and Adesanya, A. and Gajic, O. and Bartz, R.R.},
 title = {Characteristics and outcomes of patients hospitalized following pulmonary aspiration},
 journal = {Chest}
}
@article{martinharris-mbs-2008,
 doi = {10.1016/j.pmr.2008.06.004},
 url = {http://dx.doi.org/10.1016/j.pmr.2008.06.004},
 year = {2008},
 volume = {19},
 number = {4},
 pages = {769--778},
 author = {Martin-Harris, B. and Jones, B.},
 title = {The videofluorographic swallowing study},
 journal = {Physical medicine and rehabilitation clinics of North America}
}
@article{martinharris-clinical_mbs-2000,
 doi = {10.1007/s004550010015},
 url = {http://dx.doi.org/10.1007/s004550010015},
 year = {2000},
 volume = {15},
 number = {3},
 pages = {136--141},
 author = {Martin-Harris, B. and Logemann, J.A. and McMahon, S. and Schleicher, M. and Sandidge, J.},
 title = {Clinical utility of the modified barium swallow},
 journal = {Dysphagia}
}
@article{raghavendran-asp_injury-2011,
 doi = {10.1097/CCM.0b013e31820a856b},
 url = {http://dx.doi.org/10.1097/CCM.0b013e31820a856b},
 year = {2011},
 volume = {39},
 number = {4},
 pages = {818--826},
 author = {Raghavendran, K. and Nemzek, J. and Napolitano, L.M. and Knight, P.R.},
 title = {Aspiration-induced lung injury},
 jounral = {Critical care medicine}
}
@article{bassis-source-2015,
 doi = {10.1128/mBio.00037-15},
 url = {http://dx.doi.org/10.1128/mBio.00037-15},
 year = {2015},
 volume = {6},
 number = {2},
 pages = {e00037--15},
 author = {Bassis, C.M. and Erb-Downward, J.R. and Dickson, R.P. and Freeman, C.M. and Schmidt, T.M. and Young, V.B. and Beck, J.M. and Curtis, J.L. and Huffnagle, G.B.},
 title = {Analysis of the upper respiratory tract microbiotas as the source of the lung and gastric microbiotas in healthy individuals},
 journal = {MBio}
}
@article{charslon-topographical-2011,
 doi = {10.1164/rccm.201104-0655OC},
 url = {http://dx.doi.org/10.1164/rccm.201104-0655OC},
 year = {2011},
 volume = {184},
 number = {8},
 pages = {957--963},
 author = {Charlson, E.S. and Bittinger, K. and Haas, A.R. and Fitzgerald, A.S. and Frank, I. and Yadav, A. and Bushman, F.D. and Collman, R.G.},
 title = {Topographical continuity of bacterial populations in the healthy human respiratory tract},
 journal={American journal of respiratory and critical care medicine}
}
@article{knights-supervised-2010,
 doi = {10.1111/j.1574-6976.2010.00251.x},
 url = {http://dx.doi.org/10.1111/j.1574-6976.2010.00251.x},
 year = {2010},
 author = {Knights, D. and Costello, E. and Knight, R.},
 title = {Supervised classification of the human microbiota},
 journal = {FEMS Microbiology Reviews},
 pages = {343--359},
 volume = {35}
}
@article{sze-signal-2016,
 doi = {10.1128/mBio.01018-16},
 url = {http://dx.doi.org/10.1128/mBio.01018-16},
 year = {2016},
 author = {Sze M.A. and Schloss P.D.},
 title = {Looking for a signal in the noise: revisiting obesity and the microbiome},
 journal = {mBio},
 volume = {7},
 number = {4},
 pages = {e01018--16}
}
@article{walters-ob_meta-2014,
 doi = {10.1016/j.febslet.2014.09.039},
 url = {http://dx.doi.org/10.1016/j.febslet.2014.09.039},
 title = {Meta-analyses of human gut microbes associated with obesity and IBD},
 author = {Walters W. and Xu Z. and Knight R.},
 year = {2014},
 journal = {FEBS Letters},
 volume = {588},
 pages = {4223--4233}
}
@article{lozupone-meta-2013,
 doi = {10.1101/gr.151803.112},
 url = {http://dx.doi.org/10.1101/gr.151803.112},
 author = {Lozupone, C.A. and Stombaugh, J. and Gonzalez, A. and Ackermann, G. and Wendel, D. and Vázquez-Baeza, Y. and Jansson, J.K. and Gordon, J.I. and Knight, R.},
 year = {2013},
 title = {Meta-analyses of studies of the human microbiota},
 journal = {Genome research},
 volume = {23},
 number = {10},
 pages = {1704--1714}
}
@article{xia-msea-2010,
 doi = {10.1093/nar/gkq329},
 url = {http://dx.doi.org/10.1093/nar/gkq329},
 author = {Xia, J. and Wishart, D.},
 title = {{MSEA}: a web-based tool to identify biologically meaningful patterns in quantitative metabolomic data},
 year = {2010},
 volume = {38},
 pages = {W71--W77},
 journal = {Nucleic Acids Res}
}
@article{subramanian-gsea-2005,
 doi = {10.1073/pnas.0506580102},
 url = {http://dx.doi.org/10.1073/pnas.0506580102},
 author = {Subramanian, A. and Tamayo, P. and Mootha, V.K. and Mukherjee, S. and Ebert, B.L. and Gillette, M.A. and Paulovich, A. and Pomeroy, S.L. and Golub, T.R. and Lander, E.S. and Mesirov, J.},
 title = {Gene set enrichment analysis: a knowledge-based approach for interpreting genome-wide expression profiles},
 journal = {Proc Natl Acad Sci USA},
 year = {2005},
 volume = {102},
 number = {43},
 pages = {15545--15550}
}
@article{zavkin-ztest-2011,
 doi = {10.1111/j.1420-9101.2011.02297.x},
 url = {http://dx.doi.org/10.1111/j.1420-9101.2011.02297.x},
 author = {Zaykin, D.V.},
 year = {2011},
 title = {Optimally weighted {Z}‐test is a powerful method for combining probabilities in meta‐analysis},
 journal = {Journal of evolutionary biology},
 volume = {24},
 number = {8},
 pages = {1836--1841}
}
@article{korbel-lit_mining-2005,
 doi = {10.1371/journal.pbio.0030134},
 url = {http://dx.doi.org/10.1371/journal.pbio.0030134},
 author = {Korbel, J.O. and Doerks, T. and Jensen, L.J. and Perez-Iratxeta, C. and Kaczanowski, S. and Hooper, S.D. and Andrade, M.A. and Bork, P.},
 year = {2005},
 title = {Systematic association of genes to phenotypes by genome and literature mining},
 journal = {{PLoS} Biol},
 volume = {3},
 number = {5},
 pages = {e134}
}
@article{markowitz-img-2013,
 doi = {10.1093/nar/gkt963},
 url = {http://dx.doi.org/10.1093/nar/gkt963},
 author = {Markowitz, V.M. and Chen, I.M.A. and Palaniappan, K. and Chu, K. and Szeto, E. and Pillay, M. and Ratner, A. and Huang, J. and Woyke, T. and Huntemann, M. and Anderson, I.},
 year = {2013},
 title = {{IMG} 4 version of the integrated microbial genomes comparative analysis system},
 journal = {Nucleic acids research},
 pages = {gkt963}
}
@article{knights-sourcetracker-2011,
 url = {http://dx.doi.org/10.1038/nmeth.1650},
 doi = {10.1038/nmeth.1650},
 author = {Knights, D. and Kuczynski, J. and Charlson, E.S. and Zaneveld, J. and Mozer, M.C. and Collman, R.G. and Bushman, F.D. and Knight, R. and Kelley, S.T.},
 year = {2011},
 title = {Bayesian community-wide culture-independent microbial source tracking},
 journal = {Nature methods},
 volume = {8},
 number = {9},
 pages = {761--763}
}
@article{abubucker-humann-2012,
 doi = {10.1371/journal.pcbi.1002358},
 url = {http://dx.doi.org/10.1371/journal.pcbi.1002358},
 author = {Abubucker, S. and Segata, N. and Goll, J. and Schubert, A.M. and Izard, J. and Cantarel, B.L. and Rodriguez-Mueller, B. and Zucker, J. and Thiagarajan, M. and Henrissat, B. and White, O.},
 year = {2012},
 title = {Metabolic reconstruction for metagenomic data and its application to the human microbiome},
 journal = {{PLoS} Comput Biol},
 volume = {8},
 number = {6},
 pages = {e1002358}
}
@article{langille-picrust-2013,
 doi = {10.1038/nbt.2676},
 url = {http://dx.doi.org/10.1038/nbt.2676},
 author = {Langille, M.G. and Zaneveld, J. and Caporaso, J.G. and McDonald, D. and Knights, D. and Reyes, J.A. and Clemente, J.C. and Burkepile, D.E. and Thurber and R.L.V. and Knight, R. and Beiko, R.G.},
 year = {2013},
 title = {Predictive functional profiling of microbial communities using 16S {rRNA} marker gene sequences},
 journal = {Nature biotechnology},
 volume = {31},
 number = {9},
 pages = {814--821}
}
@article{tamboli-ibd-2004,
 url = {http://dx.doi.org/10.1136/gut.53.1.1},
 doi = {10.1136/gut.53.1.1},
 author = {Tamboli, C.P. and Neut, C. and Desreumaux, P. and Colombel, J.F.},
 year = {2004},
 title = {Dysbiosis in inflammatory bowel disease},
 journal = {Gut},
 issue = {53},
 number = {1},
 pages = {1--4}
}
@article{erbdownward-copd-2011,
 doi = {10.1371/journal.pone.0016384},
 url = {http://dx.doi.org/10.1371/journal.pone.0016384},
 author = {Erb-Downward, J.R. and Thompson, D.L. and Han, M.K. and Freeman, C.M. and McCloskey, L. and Schmidt, L.A. and Young, V.B. and Toews, G.B. and Curtis, J.L. and Sundaram, B. and Martinez, F.J.},
 year = {2011},
 title = {Analysis of the lung microbiome in the “healthy” smoker and in {COPD}},
 journal = {{PloS} one},
 volume = {6},
 number = {2},
 pages = {e16384}
}
@article{rosen-ppi-2015,
 doi = {10.1016/j.jpeds.2014.12.067},
 url = {http://dx.doi.org/10.1016/j.jpeds.2014.12.067},
 author = {Rosen, R. and Hu, L. and Amirault, J. and Khatwa, U. and Ward, D.V. and Onderdonk, A.},
 year = {2015},
 title = {{16S} community profiling identifies proton pump inhibitor related differences in gastric, lung, and oropharyngeal microflora},
 journal = {The Journal of pediatrics},
 volume = {166},
 number = {4},
 pages = {917--923}
}
@article{rosen-bal_culture-2011,
 doi = {10.1016/j.jpeds.2011.05.021},
 url = {http://dx.doi.org/10.1016/j.jpeds.2011.05.021},
 author = {Rosen, R. and Johnston, N. and Hart, K. and Khatwa, U. and Katz, E. and Nurko, S.},
 year = {2011},
 title = {Higher rate of bronchoalveolar lavage culture positivity in children with nonacid reflux and respiratory disorders},
 journal = {The Journal of pediatrics},
 volume = {159},
 number = {3},
 pages = {504--506}
}
@article{beck-lung-2012,
 doi = {10.1016/j.trsl.2012.02.005},
 url = {http://dx.doi.org/10.1016/j.trsl.2012.02.005},
 author = {Beck, J.M. and Young, V.B. and Huffnagle, G.B.},
 year = {2012},
 title = {The microbiome of the lung},
 journal = {Translational Research},
 volume = {160},
 number = {4},
 pages = {258--266}
}
@article{dickson-lung_microbiome-2014,
 doi = {10.1016/S0140-6736(14)61136-3},
 url = {http://dx.doi.org/10.1016/S0140-6736(14)61136-3},
 author = {Dickson, R.P. and Martinez, F.J. and Huffnagle, G.B.},
 year = {2014},
 title = {The role of the microbiome in exacerbations of chronic lung diseases},
 journal = {The Lancet},
 volume = {384},
 number = {9944},
 pages = {691--702}
}
@article{sweet-gerd_asp-2009,
 doi = {10.1136/thx.2007.082719},
 url = {http://dx.doi.org/10.1136/thx.2007.082719},
 author = {Sweet, M.P. and Patti, M.G. and Hoopes, C. and Hays, S.R. and Golden, J.A.},
 year = {2009},
 title = {Gastro-oesophageal reflux and aspiration in patients with advanced lung disease},
 journal = {Thorax},
 volume = {64},
 number = {2},
 pages = {167--173}
}
@article{imhann-ppi-2016,
 doi = {10.1053/j.gastro.2015.06.043},
 url = {http://dx.doi.org/10.1053/j.gastro.2015.06.043},
 author = {Imhann, F. and Bonder, M.J. and Vila, A.V. and Fu, J. and Mujagic, Z. and Vork, L. and Tigchelaar, E.F. and Jankipersadsing, S.A. and Cenit, M.C. and Harmsen, H.J. and Dijkstra, G.},
 year = {2016},
 title = {Proton pump inhibitors affect the gut microbiome},
 journal = {Gut},
 volume = {65},
 number = {5},
 pages = {740--748}
}
@article{dickson-spatial-2015,
 doi = {10.1513/AnnalsATS.201501-029OC},
 url = {http://dx.doi.org/10.1513/AnnalsATS.201501-029OC},
 author = {Dickson, R.P. and Erb-Downward, J.R. and Freeman, C.M. and McCloskey, L. and Beck, J.M. and Huffnagle, G.B. and Curtis, J.L.},
 year = {2015},
 title = {Spatial variation in the healthy human lung microbiome and the adapted island model of lung biogeography},
 journal = {Annals of the American Thoracic Society},
 volume = {12},
 number = {6},
 pages = {821--830}
}
@article{lawson-gastric-2010,
 doi = {10.1007/s11894-010-0111-6},
 url = {http://dx.doi.org/10.1007/s11894-010-0111-6},
 authors = {Lawson, R.D. and Coyle, W.J.},
 year = {2010},
 title = {The noncolonic microbiome: does it really matter?},
 journal = {Current gastroenterology reports},
 volume = {12},
 number = {4},
 pages = {259--262}
}
@article{bik-stomach-2006,
 doi = {10.1073/pnas.0506655103},
 url = {http://dx.doi.org/10.1073/pnas.0506655103},
 author = {Bik, E.M. and Eckburg, P.B. and Gill, S.R. and Nelson, K.E. and Purdom, E.A. and Francois, F. and Perez-Perez, G. and Blaser, M.J. and Relman, D.A.},
 year = {2006},
 title = {Molecular analysis of the bacterial microbiota in the human stomach},
 journal = {Proceedings of the National Academy of Sciences of the United States of America},
 volume = {103},
 number = {3},
 pages = {732--737}
}
@article{turnbaugh-energy_harvest-2006,
 doi = {10.1038/nature05414},
 url = {http://dx.doi.org/10.1038/nature05414},
 author = {Turnbaugh, P.J. and Ley, R.E. and Mahowald, M.A. and Magrini, V. and Mardis, E.R. and Gordon, J.I.}, 
 year = {2006},
 title = {An obesity-associated gut microbiome with increased capacity for energy harvest},
 journal = {Nature},
 volume = {444},
 number = {7122},
 pages = {1027--1131}
}

### STUDIES ###
@article{asd-kb,
 doi = {10.1371/journal.pone.0068322},
 url = {http://dx.doi.org/10.1371/journal.pone.0068322},
 author = {Kang, D.W. and Park, J.G. and Ilhan, Z.E. and Wallstrom, G. and LaBaer, J. and Adams, J.B. and Krajmalnik-Brown, R.}, 
 year = {2013},
 title = {Reduced incidence of {Prevotella} and other fermenters in intestinal microflora of autistic children},
 journal = {{PloS} one},
 volume = {8},
 number = {7},
 pages = {e68322}
}

@article{nash-baker,
 doi = {10.1002/hep.26093},
 url = {http://dx.doi.org/10.1002/hep.26093},
 author = {Zhu, L. and Baker, S.S. and Gill, C. and Liu, W. and Alkhouri, R. and Baker, R.D. and Gill, S.R.},
 year = {2013},
 title = {Characterization of gut microbiomes in nonalcoholic steatohepatitis ({NASH}) patients: a connection between endogenous alcohol and {NASH}},
 journal = {Hepatology}, 
 volume = {57}, 
 number = {2},
 pages = {601--609}
}