@article{houghton-microaspiration-2016,
 doi = {10.1038/nrgastro.2016.91},
 url = {http://dx.doi.org/10.1038/nrgastro.2016.91},
 year = {2016},
 volume = {13},
 number = {8},
 pages = {445--460},
 author = {Houghton, L. A. and Lee, A. S. and Badri, H. and DeVault, K. R. and Smith, J. A.},
 title = {Respiratory disease and the oesophagus: reflux, reflexes and microaspiration},
 journal = {Nature Reviews Gastroenterology \& Hepatology}
}
@article{almomani-cf_sputum-2016,
 doi = {doi:10.1038/srep26985},
 url = {http://dx.doi.org/10.1038/srep26985},
 year = {2016},
 volume = {6},
 author = {Al-Momani, H. and Perry, A. and Stewart, C.J. and Jones, R. and Krishnan, A. and Robertson and A.G. and Bourke, S. and Doe, S. and Cummings, S.P. and Anderson, A. and Forrest, T.},
 title = {Microbiological profiles of sputum and gastric juice aspirates in Cystic Fibrosis patients},
 journal = {Scientific Reports}
}
@article{reen-aspirated_bile-2014,
 doi = {doi:10.1007/s10096-014-2133-8},
 url = {http://dx.doi.org/10.1007/s10096-014-2133-8},
 year = {2014},
 volume = {33},
 number = {10},
 pages = {1763--1771},
 author = {Reen, F.J. and Woods, D.F. and Mooij and M.J. and Chróinín, M.N. and Mullane, D. and Zhou, L. and Quille, J. and Fitzpatrick, D. and Glennon, J.D. and McGlacken, G.P. and Adams, C.},
 title = {Aspirated bile: a major host trigger modulating respiratory pathogen colonisation in cystic fibrosis patients},
 journal = {European Journal of Clinical Microbiology \& Infectious Diseases}
}
@article{debenedictis-asp_dis-2009,
  doi = {10.1016/j.pcl.2008.10.013},
  url = {http://dx.doi.org/10.1016/j.pcl.2008.10.013},
  year  = {2009},
  volume = {56},
  number = {1},
  pages = {173--190},
  author = {Fernando M. de Benedictis and Virgilio P. Carnielli and Diletta de Benedictis},
  title = {Aspiration Lung Disease},
  journal = {Pediatric Clinics of North America}
}
@article{kawahara-fundo-2004,
  doi = {10.1016/j.jpedsurg.2004.08.034},
  url = {http://dx.doi.org/10.1016/j.jpedsurg.2004.08.034},
  year  = {2004},
  volume = {39},
  number = {12},
  pages = {1761--1764},
  author = {Hisayoshi Kawahara and Hiroomi Okuyama and Akio Kubota and Takaharu Oue and Yuko Tazuke and Makoto Yagi and Akira Okada},
  title = {Can laparoscopic antireflux surgery improve the quality of life in children with neurologic and neuromuscular handicaps?},
  journal = {Journal of Pediatric Surgery}
}
@article{vakil-gerd_defn-2006,
 doi = {doi:10.1111/j.1572-0241.2006.00630.x},
 url = {http://dx.doi.org/10.1111/j.1572-0241.2006.00630.x},
 year = {2006},
 volume = {101},
 number = {8},
 pages = {1900--1920},
 author = {Vakil, N. and Van Zanten, S.V. and Kahrilas, P. and Dent, J. and Jones, R.},
 title = {The Montreal definition and classification of gastroesophageal reflux disease: a global evidence-based consensus},
 journal = {The American journal of gastroenterology}
}
@article{dent-gerd_epi-2005,
 doi = {10.1136/gut.2004.051821},
 url = {http://dx.doi.org/10.1136/gut.2004.051821},
 year = {2005},
 volume = {54},
 number = {5},
 pages = {710--717},
 author = {Dent, J. and El-Serag, H.B. and Wallander, M. and Johansson, S.},
 title = {Epidemiology of gastro-oesophageal reflux disease: a systematic review},
 journal = {Gut}
}
@article{lee-pulm_asp-2014,
 doi = {10.1378/chest.13-3028},
 url = {http://dx.doi.org/10.1378/chest.13-3028},
 year = {2014},
 volume = {146},
 number = {4},
 pages = {899--907},
 author = {Lee, A. and Festic, E. and Park, P.K. and Raghavendran, K. and Dabbagh, O. and Adesanya, A. and Gajic, O. and Bartz, R.R.},
 title = {Characteristics and outcomes of patients hospitalized following pulmonary aspiration},
 journal = {Chest}
}
@article{martinharris-mbs-2008,
 doi = {10.1016/j.pmr.2008.06.004},
 url = {http://dx.doi.org/10.1016/j.pmr.2008.06.004},
 year = {2008},
 volume = {19},
 number = {4},
 pages = {769--778},
 author = {Martin-Harris, B. and Jones, B.},
 title = {The videofluorographic swallowing study},
 journal = {Physical medicine and rehabilitation clinics of North America}
}
@article{martinharris-clinical_mbs-2000,
 doi = {10.1007/s004550010015},
 url = {http://dx.doi.org/10.1007/s004550010015},
 year = {2000},
 volume = {15},
 number = {3},
 pages = {136--141},
 author = {Martin-Harris, B. and Logemann, J.A. and McMahon, S. and Schleicher, M. and Sandidge, J.},
 title = {Clinical utility of the modified barium swallow},
 journal = {Dysphagia}
}
@article{raghavendran-asp_injury-2011,
 doi = {10.1097/CCM.0b013e31820a856b},
 url = {http://dx.doi.org/10.1097/CCM.0b013e31820a856b},
 year = {2011},
 volume = {39},
 number = {4},
 pages = {818--826},
 author = {Raghavendran, K. and Nemzek, J. and Napolitano, L.M. and Knight, P.R.},
 title = {Aspiration-induced lung injury},
 jounral = {Critical care medicine}
}
@article{bassis-source-2015,
 doi = {10.1128/mBio.00037-15},
 url = {http://dx.doi.org/10.1128/mBio.00037-15},
 year = {2015},
 volume = {6},
 number = {2},
 pages = {e00037--15},
 author = {Bassis, C.M. and Erb-Downward, J.R. and Dickson, R.P. and Freeman, C.M. and Schmidt, T.M. and Young, V.B. and Beck, J.M. and Curtis, J.L. and Huffnagle, G.B.},
 title = {Analysis of the upper respiratory tract microbiotas as the source of the lung and gastric microbiotas in healthy individuals},
 journal = {MBio}
}
@article{charslon-topographical-2011,
 doi = {10.1164/rccm.201104-0655OC},
 url = {http://dx.doi.org/10.1164/rccm.201104-0655OC},
 year = {2011},
 volume = {184},
 number = {8},
 pages = {957--963},
 author = {Charlson, E.S. and Bittinger, K. and Haas, A.R. and Fitzgerald, A.S. and Frank, I. and Yadav, A. and Bushman, F.D. and Collman, R.G.},
 title = {Topographical continuity of bacterial populations in the healthy human respiratory tract},
 journal={American journal of respiratory and critical care medicine}
}
@article{knights-supervised-2010,
 doi = {10.1111/j.1574-6976.2010.00251.x},
 url = {http://dx.doi.org/10.1111/j.1574-6976.2010.00251.x},
 year = {2010},
 author = {Knights, D. and Costello, E. and Knight, R.},
 title = {Supervised classification of the human microbiota},
 journal = {FEMS Microbiology Reviews},
 pages = {343--359},
 volume = {35}
}
@article{sze-signal-2016,
 doi = {10.1128/mBio.01018-16},
 url = {http://dx.doi.org/10.1128/mBio.01018-16},
 year = {2016},
 author = {Sze M.A. and Schloss P.D.},
 title = {Looking for a signal in the noise: revisiting obesity and the microbiome},
 journal = {mBio},
 volume = {7},
 number = {4},
 pages = {e01018--16}
}
@article{walters-ob_meta-2014,
 doi = {10.1016/j.febslet.2014.09.039},
 url = {http://dx.doi.org/10.1016/j.febslet.2014.09.039},
 title = {Meta-analyses of human gut microbes associated with obesity and IBD},
 author = {Walters W. and Xu Z. and Knight R.},
 year = {2014},
 journal = {FEBS Letters},
 volume = {588},
 pages = {4223--4233}
}
@article{lozupone-meta-2013,
 doi = {10.1101/gr.151803.112},
 url = {http://dx.doi.org/10.1101/gr.151803.112},
 author = {Lozupone, C.A. and Stombaugh, J. and Gonzalez, A. and Ackermann, G. and Wendel, D. and Vázquez-Baeza, Y. and Jansson, J.K. and Gordon, J.I. and Knight, R.},
 year = {2013},
 title = {Meta-analyses of studies of the human microbiota},
 journal = {Genome research},
 volume = {23},
 number = {10},
 pages = {1704--1714}
}
@article{xia-msea-2010,
 doi = {10.1093/nar/gkq329},
 url = {http://dx.doi.org/10.1093/nar/gkq329},
 author = {Xia, J. and Wishart, D.},
 title = {{MSEA}: a web-based tool to identify biologically meaningful patterns in quantitative metabolomic data},
 year = {2010},
 volume = {38},
 pages = {W71--W77},
 journal = {Nucleic Acids Res}
}
@article{subramanian-gsea-2005,
 doi = {10.1073/pnas.0506580102},
 url = {http://dx.doi.org/10.1073/pnas.0506580102},
 author = {Subramanian, A. and Tamayo, P. and Mootha, V.K. and Mukherjee, S. and Ebert, B.L. and Gillette, M.A. and Paulovich, A. and Pomeroy, S.L. and Golub, T.R. and Lander, E.S. and Mesirov, J.},
 title = {Gene set enrichment analysis: a knowledge-based approach for interpreting genome-wide expression profiles},
 journal = {Proc Natl Acad Sci USA},
 year = {2005},
 volume = {102},
 number = {43},
 pages = {15545--15550}
}
@article{zavkin-ztest-2011,
 doi = {10.1111/j.1420-9101.2011.02297.x},
 url = {http://dx.doi.org/10.1111/j.1420-9101.2011.02297.x},
 author = {Zaykin, D.V.},
 year = {2011},
 title = {Optimally weighted {Z}‐test is a powerful method for combining probabilities in meta‐analysis},
 journal = {Journal of evolutionary biology},
 volume = {24},
 number = {8},
 pages = {1836--1841}
}
@article{korbel-lit_mining-2005,
 doi = {10.1371/journal.pbio.0030134},
 url = {http://dx.doi.org/10.1371/journal.pbio.0030134},
 author = {Korbel, J.O. and Doerks, T. and Jensen, L.J. and Perez-Iratxeta, C. and Kaczanowski, S. and Hooper, S.D. and Andrade, M.A. and Bork, P.},
 year = {2005},
 title = {Systematic association of genes to phenotypes by genome and literature mining},
 journal = {{PLoS} Biol},
 volume = {3},
 number = {5},
 pages = {e134}
}
@article{knights-sourcetracker-2011,
 url = {http://dx.doi.org/10.1038/nmeth.1650},
 doi = {10.1038/nmeth.1650},
 author = {Knights, D. and Kuczynski, J. and Charlson, E.S. and Zaneveld, J. and Mozer, M.C. and Collman, R.G. and Bushman, F.D. and Knight, R. and Kelley, S.T.},
 year = {2011},
 title = {Bayesian community-wide culture-independent microbial source tracking},
 journal = {Nature methods},
 volume = {8},
 number = {9},
 pages = {761--763}
}
@article{abubucker-humann-2012,
 doi = {10.1371/journal.pcbi.1002358},
 url = {http://dx.doi.org/10.1371/journal.pcbi.1002358},
 author = {Abubucker, S. and Segata, N. and Goll, J. and Schubert, A.M. and Izard, J. and Cantarel, B.L. and Rodriguez-Mueller, B. and Zucker, J. and Thiagarajan, M. and Henrissat, B. and White, O.},
 year = {2012},
 title = {Metabolic reconstruction for metagenomic data and its application to the human microbiome},
 journal = {{PLoS} Comput Biol},
 volume = {8},
 number = {6},
 pages = {e1002358}
}
@article{langille-picrust-2013,
 doi = {10.1038/nbt.2676},
 url = {http://dx.doi.org/10.1038/nbt.2676},
 author = {Langille, M.G. and Zaneveld, J. and Caporaso, J.G. and McDonald, D. and Knights, D. and Reyes, J.A. and Clemente, J.C. and Burkepile, D.E. and Thurber and R.L.V. and Knight, R. and Beiko, R.G.},
 year = {2013},
 title = {Predictive functional profiling of microbial communities using 16S {rRNA} marker gene sequences},
 journal = {Nature biotechnology},
 volume = {31},
 number = {9},
 pages = {814--821}
}
@article{tamboli-ibd-2004,
 url = {http://dx.doi.org/10.1136/gut.53.1.1},
 doi = {10.1136/gut.53.1.1},
 author = {Tamboli, C.P. and Neut, C. and Desreumaux, P. and Colombel, J.F.},
 year = {2004},
 title = {Dysbiosis in inflammatory bowel disease},
 journal = {Gut},
 issue = {53},
 number = {1},
 pages = {1--4}
}
@article{erbdownward-copd-2011,
 doi = {10.1371/journal.pone.0016384},
 url = {http://dx.doi.org/10.1371/journal.pone.0016384},
 author = {Erb-Downward, J.R. and Thompson, D.L. and Han, M.K. and Freeman, C.M. and McCloskey, L. and Schmidt, L.A. and Young, V.B. and Toews, G.B. and Curtis, J.L. and Sundaram, B. and Martinez, F.J.},
 year = {2011},
 title = {Analysis of the lung microbiome in the “healthy” smoker and in {COPD}},
 journal = {{PloS} one},
 volume = {6},
 number = {2},
 pages = {e16384}
}
@article{rosen-ppi-2015,
 doi = {10.1016/j.jpeds.2014.12.067},
 url = {http://dx.doi.org/10.1016/j.jpeds.2014.12.067},
 author = {Rosen, R. and Hu, L. and Amirault, J. and Khatwa, U. and Ward, D.V. and Onderdonk, A.},
 year = {2015},
 title = {{16S} community profiling identifies proton pump inhibitor related differences in gastric, lung, and oropharyngeal microflora},
 journal = {The Journal of pediatrics},
 volume = {166},
 number = {4},
 pages = {917--923}
}
@article{rosen-bal_culture-2011,
 doi = {10.1016/j.jpeds.2011.05.021},
 url = {http://dx.doi.org/10.1016/j.jpeds.2011.05.021},
 author = {Rosen, R. and Johnston, N. and Hart, K. and Khatwa, U. and Katz, E. and Nurko, S.},
 year = {2011},
 title = {Higher rate of bronchoalveolar lavage culture positivity in children with nonacid reflux and respiratory disorders},
 journal = {The Journal of pediatrics},
 volume = {159},
 number = {3},
 pages = {504--506}
}
@article{beck-lung-2012,
 doi = {10.1016/j.trsl.2012.02.005},
 url = {http://dx.doi.org/10.1016/j.trsl.2012.02.005},
 author = {Beck, J.M. and Young, V.B. and Huffnagle, G.B.},
 year = {2012},
 title = {The microbiome of the lung},
 journal = {Translational Research},
 volume = {160},
 number = {4},
 pages = {258--266}
}
@article{dickson-lung_microbiome-2014,
 doi = {10.1016/S0140-6736(14)61136-3},
 url = {http://dx.doi.org/10.1016/S0140-6736(14)61136-3},
 author = {Dickson, R.P. and Martinez, F.J. and Huffnagle, G.B.},
 year = {2014},
 title = {The role of the microbiome in exacerbations of chronic lung diseases},
 journal = {The Lancet},
 volume = {384},
 number = {9944},
 pages = {691--702}
}
@article{sweet-gerd_asp-2009,
 doi = {10.1136/thx.2007.082719},
 url = {http://dx.doi.org/10.1136/thx.2007.082719},
 author = {Sweet, M.P. and Patti, M.G. and Hoopes, C. and Hays, S.R. and Golden, J.A.},
 year = {2009},
 title = {Gastro-oesophageal reflux and aspiration in patients with advanced lung disease},
 journal = {Thorax},
 volume = {64},
 number = {2},
 pages = {167--173}
}
@article{imhann-ppi-2016,
 doi = {10.1053/j.gastro.2015.06.043},
 url = {http://dx.doi.org/10.1053/j.gastro.2015.06.043},
 author = {Imhann, F. and Bonder, M.J. and Vila, A.V. and Fu, J. and Mujagic, Z. and Vork, L. and Tigchelaar, E.F. and Jankipersadsing, S.A. and Cenit, M.C. and Harmsen, H.J. and Dijkstra, G.},
 year = {2016},
 title = {Proton pump inhibitors affect the gut microbiome},
 journal = {Gut},
 volume = {65},
 number = {5},
 pages = {740--748}
}
@article{dickson-spatial-2015,
 doi = {10.1513/AnnalsATS.201501-029OC},
 url = {http://dx.doi.org/10.1513/AnnalsATS.201501-029OC},
 author = {Dickson, R.P. and Erb-Downward, J.R. and Freeman, C.M. and McCloskey, L. and Beck, J.M. and Huffnagle, G.B. and Curtis, J.L.},
 year = {2015},
 title = {Spatial variation in the healthy human lung microbiome and the adapted island model of lung biogeography},
 journal = {Annals of the American Thoracic Society},
 volume = {12},
 number = {6},
 pages = {821--830}
}
@article{lawson-gastric-2010,
 doi = {10.1007/s11894-010-0111-6},
 url = {http://dx.doi.org/10.1007/s11894-010-0111-6},
 authors = {Lawson, R.D. and Coyle, W.J.},
 year = {2010},
 title = {The noncolonic microbiome: does it really matter?},
 journal = {Current gastroenterology reports},
 volume = {12},
 number = {4},
 pages = {259--262}
}
@article{bik-stomach-2006,
 doi = {10.1073/pnas.0506655103},
 url = {http://dx.doi.org/10.1073/pnas.0506655103},
 author = {Bik, E.M. and Eckburg, P.B. and Gill, S.R. and Nelson, K.E. and Purdom, E.A. and Francois, F. and Perez-Perez, G. and Blaser, M.J. and Relman, D.A.},
 year = {2006},
 title = {Molecular analysis of the bacterial microbiota in the human stomach},
 journal = {Proceedings of the National Academy of Sciences of the United States of America},
 volume = {103},
 number = {3},
 pages = {732--737}
}
@article{turnbaugh-energy_harvest-2006,
 doi = {10.1038/nature05414},
 url = {http://dx.doi.org/10.1038/nature05414},
 author = {Turnbaugh, P.J. and Ley, R.E. and Mahowald, M.A. and Magrini, V. and Mardis, E.R. and Gordon, J.I.}, 
 year = {2006},
 title = {An obesity-associated gut microbiome with increased capacity for energy harvest},
 journal = {Nature},
 volume = {444},
 number = {7122},
 pages = {1027--1131}
}
@article{hmp-2012,
  doi = {10.1038/nature11234},
  url = {http://dx.doi.org/10.1038/nature11234},
  year  = {2012},
  volume = {486},
  number = {7402},
  pages = {207--214},
  author = {Human Microbiome Project Consortium},
  title = {Structure,  function and diversity of the healthy human microbiome},
  journal = {Nature}
}
@article{costello-ecology-2012,
  doi = {10.1126/science.1224203},
  url = {http://dx.doi.org/10.1126/science.1224203},
  year  = {2012},
  volume = {336},
  number = {6086},
  pages = {1255--1262},
  author = {Costello, E.K. and Stagaman, K. and Dethlefsen, L. and Bohannan, B.J.M. and Relman, D.A.},
  title = {The Application of Ecological Theory Toward an Understanding of the Human Microbiome},
  journal = {Science}
}
@article{knights-biomarkers-2011,
  doi = {10.1016/j.chom.2011.09.003},
  url = {http://dx.doi.org/10.1016/j.chom.2011.09.003},
  year  = {2011},
  volume = {10},
  number = {4},
  pages = {292--296},
  author = {Knights, D. and Parfrey, L. and Zaneveld, J. and Lozupone, C. and Knight, R.},
  title = {Human-Associated Microbial Signatures: Examining Their Predictive Value},
  journal = {Cell Host {\&} Microbe}
}
@article{wang-pval_method-2016,
  doi = {10.1016/j.celrep.2015.12.088},
  url = {http://dx.doi.org/10.1016/j.celrep.2015.12.088},
  year  = {2016},
  volume = {14},
  number = {4},
  pages = {945--955},
  author = {Wang, F. and Kaplan, J. and Gold, B. and Bhasin, M. and Ward, N. and Kellermayer, R. and Kirschner, B. and Heyman, M. and Dowd, S. and Cox, S. and Dogan, H. and Steven, B. and Ferry, G. and Cohen, S. and Baldassano, R. and Moran, C. and Garnett, E. and Drake, L. and Otu, H. and Mirny, L. and Libermann, T. and Winter, H. and Korolev, K.},
  title = {Detecting Microbial Dysbiosis Associated with Pediatric Crohn Disease Despite the High Variability of the Gut Microbiota},
  journal = {Cell Reports}
}
@article{mcdonald-gg-2011,
  doi = {10.1038/ismej.2011.139},
  url = {http://dx.doi.org/10.1038/ismej.2011.139},
  year  = {2011},
  month = {dec},
  publisher = {Nature Publishing Group},
  volume = {6},
  number = {3},
  pages = {610--618},
  author = {McDonald, D. and Price, M.N. and Goodrich, J. and Nawrocki, E.P. and DeSantis, T.Z. and Probst, A. and Andersen, G.L. and Knight, R. and Hugenholtz, P.},
  title = {An improved Greengenes taxonomy with explicit ranks for ecological and evolutionary analyses of bacteria and archaea},
  journal = {The {ISME} Journal}
}
@article{wang-rdp-2007,
  doi = {10.1128/aem.00062-07},
  url = {http://dx.doi.org/10.1128/AEM.00062-07},
  year  = {2007},
  month = {jun},
  publisher = {American Society for Microbiology},
  volume = {73},
  number = {16},
  pages = {5261--5267},
  author = {Wang, Q. and Garrity, G.M. and Tiedje, J.M. and Cole, J.R.},
  title = {Naive Bayesian Classifier for Rapid Assignment of {rRNA} Sequences into the New Bacterial Taxonomy},
  journal = {Applied and Environmental Microbiology}
}
@article{pasolli-meta_analysis-2016,
  doi = {10.1371/journal.pcbi.1004977},
  url = {http://dx.doi.org/10.1371/journal.pcbi.1004977},
  year  = {2016},
  volume = {12},
  number = {7},
  pages = {e1004977},
  author = {Pasolli, E. and Truong, D.T. and Malik, F. and Waldron, L. and Segata, N.},
  editor = {Jonathan A. Eisen},
  title = {Machine Learning Meta-analysis of Large Metagenomic Datasets: Tools and Biological Insights},
  journal = {{PLOS} Computational Biology}
}
@article{david-huge-2012,
  doi = {10.1186/gb-2014-15-7-r89},
  url = {http://dx.doi.org/10.1186/gb-2014-15-7-r89},
  year  = {2014},
  volume = {15},
  number = {7},
  pages = {R89},
  author = {David, L.A. and Materna, A.C. and Friedman, J. and Campos-Baptista, M.I. and Blackburn, M.C. and Perrotta, A. and Erdman, S.E. and Alm, E.J.},
  title = {Host lifestyle affects human microbiota on daily timescales},
  journal = {Genome Biol}
}
@article{louca-faprotax-2016,
  doi = {10.1126/science.aaf4507},
  url = {http://dx.doi.org/10.1126/science.aaf4507},
  year  = {2016},
  volume = {353},
  number = {6305},
  pages = {1272--1277},
  author = {Louca, S. and Parfrey, L.W. and Doebeli, M.},
  title = {Decoupling function and taxonomy in the global ocean microbiome},
  journal = {Science}
}
@article{markowitz-img-2013,
  doi = {10.1093/nar/gkt963},
  url = {http://dx.doi.org/10.1093/nar/gkt963},
  year  = {2013},
  volume = {42},
  number = {D1},
  pages = {D560--D567},
  author = {Markowitz, V.M. and Chen, I.A. and Palaniappan, K. and Chu, K. and Szeto, E. and Pillay, M. and Ratner, A. and Huang, J. and Woyke, T. and Huntemann, M. and Anderson, I. and Billis, K. and Varghese, N. and Mavromatis, K. and Pati, A. and Ivanova, N.N. and Kyrpides, N.C.},
  title = {{IMG} 4 version of the integrated microbial genomes comparative analysis system},
  journal = {Nucleic Acids Research}
}
@article{lagkouvardos-imngs-2016,
  doi = {10.1038/srep33721},
  url = {http://dx.doi.org/10.1038/srep33721},
  year  = {2016},
  volume = {6},
  pages = {33721},
  author = {Lagkouvardos, I. and Joseph, D. and Kapfhammer, M. and Giritli, S. and Horn, M. and Haller, D. and Clavel, T.},
  title = {{IMNGS}: A comprehensive open resource of processed 16S {rRNA} microbial profiles for ecology and diversity studies},
  journal = {Scientific Reports}
}
@article{ridaura-mouse_fmt-2013,
  doi = {10.1126/science.1241214},
  url = {http://dx.doi.org/10.1126/science.1241214},
  year  = {2013},
  month = {sep},
  publisher = {American Association for the Advancement of Science ({AAAS})},
  volume = {341},
  number = {6150},
  pages = {1241214--1241214},
  author = {V. K. Ridaura and J. J. Faith and F. E. Rey and J. Cheng and A. E. Duncan and A. L. Kau and N. W. Griffin and V. Lombard and B. Henrissat and J. R. Bain and M. J. Muehlbauer and O. Ilkayeva and C. F. Semenkovich and K. Funai and D. K. Hayashi and B. J. Lyle and M. C. Martini and L. K. Ursell and J. C. Clemente and W. Van Treuren and W. A. Walters and R. Knight and C. B. Newgard and A. C. Heath and J. I. Gordon},
  title = {Gut Microbiota from Twins Discordant for Obesity Modulate Metabolism in Mice},
  journal = {Science}
}
@article{letunic-itol-2016,
  doi = {10.1093/nar/gkw290},
  url = {http://dx.doi.org/10.1093/nar/gkw290},
  year  = {2016},
  volume = {44},
  number = {W1},
  pages = {W242--W245},
  author = {Letunic, I. and Bork, P.},
  title = {Interactive tree of life ({iTOL}) v3: an online tool for the display and annotation of phylogenetic and other trees},
  journal = {Nucleic Acids Res}
}
####### STUDIES ########
@article{asd-kb,
 doi = {10.1371/journal.pone.0068322},
 url = {http://dx.doi.org/10.1371/journal.pone.0068322},
 author = {Kang, D.W. and Park, J.G. and Ilhan, Z.E. and Wallstrom, G. and LaBaer, J. and Adams, J.B. and Krajmalnik-Brown, R.}, 
 year = {2013},
 title = {Reduced incidence of {Prevotella} and other fermenters in intestinal microflora of autistic children},
 journal = {{PloS} one},
 volume = {8},
 number = {7},
 pages = {e68322}
}
@article{asd-son,
  doi = {10.1371/journal.pone.0137725},
  url = {http://dx.doi.org/10.1371/journal.pone.0137725},
  year  = {2015},
  volume = {10},
  number = {10},
  pages = {e0137725},
  author = {Son, J. and Zheng, L.J. and Rowehl, L.M. and Tian, X. and Zhang, Y. and Zhu, W. and Litcher-Kelly, L. and Gadow, K.D. and Gathungu, G. and Robertson, C.E. and Ir, D. and Frank, D.N. and Li, E.},
  title = {Comparison of Fecal Microbiota in Children with Autism Spectrum Disorders and Neurotypical Siblings in the Simons Simplex Collection},
  journal = {{PLOS} {ONE}}
}
@article{cdi_schubert,
  doi = {10.1128/mbio.01021-14},
  url = {http://dx.doi.org/10.1128/mBio.01021-14},
  year  = {2014},
  volume = {5},
  number = {3},
  pages = {e01021--14--e01021--14},
  author = {Schubert, A.M. and Rogers, M.A. and Ring, C. and Mogle, J. and Petrosino, J.P. and Young, V.B. and  Aronoff, D.M. and Schloss, P.D.},
  title = {Microbiome Data Distinguish Patients with Clostridium difficile Infection and Non-C. difficile-Associated Diarrhea from Healthy Controls},
  journal = {{mBio}}
}
@article{cdi_vincent,
  doi = {10.1186/2049-2618-1-18},
  url = {http://dx.doi.org/10.1186/2049-2618-1-18},
  year  = {2013},
  publisher = {Springer Nature},
  volume = {1},
  number = {1},
  pages = {18},
  author = {Vincent, C. and Stephens, D.A. and Loo, V.G. and Edens, T.J. and Behr, M.A. and Dewar, K. and Manges, A.R.},
  title = {Reductions in intestinal Clostridiales precede the development of nosocomial Clostridium difficile infection},
  journal = {Microbiome}
}
@article{cdi_youngster,
  doi = {10.1093/cid/ciu135},
  url = {http://dx.doi.org/10.1093/cid/ciu135},
  year  = {2014},
  volume = {58},
  number = {11},
  pages = {1515--1522},
  author = {Youngster, I. and Sauk, J. and Pindar, C. and  Wilson, R.G. and Kaplan, J.L. and Smith, M.B. and Alm, E.J. and Gevers, D. and Russell, G.H. and Hohmann, E.L.},
  title = {Fecal Microbiota Transplant for Relapsing Clostridium difficile Infection Using a Frozen Inoculum From Unrelated Donors: A Randomized,  Open-Label,  Controlled Pilot Study},
  journal = {Clinical Infectious Diseases}
}
@article{crc_baxter,
  doi = {10.1186/s13073-016-0290-3},
  url = {http://dx.doi.org/10.1186/s13073-016-0290-3},
  year  = {2016},
  volume = {8},
  number = {1},
  author = {Baxter, N.T. and Ruffin, M.T. and Rogers, M.A. and Schloss, P.D.},
  title = {Microbiota-based model improves the sensitivity of fecal immunochemical test for detecting colonic lesions},
  journal = {Genome Medicine}
}
@article{crc_xiang,
  doi = {10.1371/journal.pone.0039743},
  url = {http://dx.doi.org/10.1371/journal.pone.0039743},
  year  = {2012},
  volume = {7},
  number = {6},
  pages = {e39743},
  author = {Chen, W. and Liu, F. and Ling, Z. and Tong, X. and Xiang, C.},
  editor = {Antonio Moschetta},
  title = {Human Intestinal Lumen and Mucosa-Associated Microbiota in Patients with Colorectal Cancer},
  journal = {{PLoS} {ONE}}
}
@article{crc_zackular,
  doi = {10.1158/1940-6207.capr-14-0129},
  url = {http://dx.doi.org/10.1158/1940-6207.CAPR-14-0129},
  year  = {2014},
  volume = {7},
  number = {11},
  pages = {1112--1121},
  author = {Zackular, J.P. and Rogers, M.A.M. and Ruffin, M.T. and Schloss, P.D.},
  title = {The Human Gut Microbiome as a Screening Tool for Colorectal Cancer},
  journal = {Cancer Prevention Research}
}
@article{crc_zeller,
 doi = {10.15252/msb.20145645},
  url = {http://dx.doi.org/10.15252/msb.20145645},
  year  = {2014},
  volume = {10},
  number = {11},
  pages = {766--766},
  author = {Zeller, G. and Tap, J. and Voigt, A.Y. and  Sunagawa, S. and Kultima, J.R. and Costea, P.I. and Amiot, A. and Bohm, J. and Brunetti, F. and Habermann, N. and Hercog, R. and Koch, M. and Luciani, A. and Mende, D.R. and Schneider, M.A. and Schrotz-King, P. and Tournigand, C. and Nhieu, J.T. and Yamada, T. and Zimmermann, J. and Benes, V. and Kloor, M. and Ulrich, C.M. and von Knebel Doeberitz, M. and Sobhani, I. and  Bork, P.},
  title = {Potential of fecal microbiota for early-stage detection of colorectal cancer},
  journal = {Molecular Systems Biology}
}
@article{crc_zhao,
  doi = {10.1038/ismej.2011.109},
  url = {http://dx.doi.org/10.1038/ismej.2011.109},
  year  = {2011},
  volume = {6},
  number = {2},
  pages = {320--329},
  author = {Wang, T. and Cai, G. and Qiu, Y. and Fei, N. and Zhang, M. and Pang, X. and Jia, W. and Cai, S. and Zhao, L.},
  title = {Structural segregation of gut microbiota between colorectal cancer patients and healthy volunteers},
  journal = {The {ISME} Journal}
}
@article{crc_zhu,
  doi = {10.1007/s00248-013-0245-9},
  url = {http://dx.doi.org/10.1007/s00248-013-0245-9},
  year  = {2013},
  volume = {66},
  number = {2},
  pages = {462--470},
  author = {Wu, N. and Yang, X. and Zhang, R. and Li, J. and Xiao, X. and Hu, Y. and Chen, Y. and Yang, F. and Lu, N. and Wang, Z. and Luan, C. and Liu, Y. and Wang, B. and Xiang, C. and Wang, Y. and Zhao, F. and Gao, G.F. and Wang, S. and Li, L. and Zhang, H. and Zhu, B.},
  title = {Dysbiosis Signature of Fecal Microbiota in Colorectal Cancer Patients},
  journal = {Microb Ecol}
}
@article{edd-singh,
  doi = {10.1186/s40168-015-0109-2},
  url = {http://dx.doi.org/10.1186/s40168-015-0109-2},
  year  = {2015},
  month = {sep},
  publisher = {Springer Science $\mathplus$ Business Media},
  volume = {3},
  number = {1},
  author = {Singh, P. and Teal, T.K. and Marsh, T.L. and Tiedje, J.M. and Mosci, R. and Jernigan, K. and Zell, A. and Newton, D.W. and Salimnia, H. and Lephart, P. and Sundin, D. and Khalife, W. and Britton, R.A. and Rudrik, J.T. and Manning, S.D.},
  title = {Intestinal microbial communities associated with acute enteric infections and disease recovery},
  journal = {Microbiome}
}
@article{hiv-dinh,
  doi = {10.1093/infdis/jiu409},
  url = {http://dx.doi.org/10.1093/infdis/jiu409},
  year  = {2014},
  volume = {211},
  number = {1},
  pages = {19--27},
  author = {Dinh, D.M. and Volpe, G.E. and Duffalo, C. and Bhalchandra, S. and Tai, A.K. and Kane, A.V. and Wanke, C.A. and Ward, H.D.},
  title = {Intestinal Microbiota,  Microbial Translocation,  and Systemic Inflammation in Chronic {HIV} Infection},
  journal = {Journal of Infectious Diseases}
}
@article{ibd-engstrand,
  doi = {10.1053/j.gastro.2010.08.049},
  url = {http://dx.doi.org/10.1053/j.gastro.2010.08.049},
  year  = {2010},
  month = {dec},
  publisher = {Elsevier {BV}},
  volume = {139},
  number = {6},
  pages = {1844--1854.e1},
  author = {Willing, B.P. and Dicksved, J. and Halfvarson, J. and Andersson, A.F. and Lucio, M. and Zheng, Z. and J"{a}rnerot, G. and Tysk, C. and Jansson, J.K. and Engstrand, L.},
  title = {A Pyrosequencing Study in Twins Shows That Gastrointestinal Microbial Profiles Vary With Inflammatory Bowel Disease Phenotypes},
  journal = {Gastroenterology}
}
@article{ibd-gevers,
  doi = {10.1016/j.chom.2014.02.005},
  url = {http://dx.doi.org/10.1016/j.chom.2014.02.005},
  year  = {2014},
  month = {mar},
  publisher = {Elsevier {BV}},
  volume = {15},
  number = {3},
  pages = {382--392},
  author = {Gevers, D. and Kugathasan, S. and Denson, L.A. and V{\'{a}}zquez-Baeza, Y. and Van~Treuren, W. and Ren, B. and Schwager, E. and Knights, D. and Song, S. and Yassour, M. and Morgan, X.C. and Kostic, A.D. and Luo, C. and Gonz{\'{a}}lez, A. and McDonald, D. and Haberman, Y. and Walters, T. and Baker, S. and Rosh, J. and Stephens, M. and Heyman, M. and Markowitz, J. and Baldassano, R. and Griffiths, A. and Sylvester, F. and Mack, D. and Kim, S. and Crandall, W. and Hyams, J. and Huttenhower, C. and Knight, R. and Xavier, R.},
  title = {The Treatment-Naive Microbiome in New-Onset Crohn's Disease},
  journal = {Cell Host {\&} Microbe}
}
@article{ibd-papa,
  doi = {10.1371/journal.pone.0039242},
  url = {http://dx.doi.org/10.1371/journal.pone.0039242},
  year  = {2012},
  volume = {7},
  number = {6},
  pages = {e39242},
  author = {Papa, E. and Docktor, M. and Smillie, C. and Weber, S. and Preheim, S.P. and Gevers, D. and Giannoukos, G. and Ciulla, D. and Tabbaa, D. and Ingram, J. and Schauer, D.B. and Ward, D.V. and Korzenik, J.R. and Xavier, R.J. and Bousvaros, A. and Alm, E.J.},
  title = {Non-Invasive Mapping of the Gastrointestinal Microbiota Identifies Children with Inflammatory Bowel Disease},
  journal = {{PLoS} {ONE}}
}
@article{ibd_hut,
  doi = {10.1186/gb-2012-13-9-r79},
  url = {http://dx.doi.org/10.1186/gb-2012-13-9-r79},
  year  = {2012},
  volume = {13},
  number = {9},
  pages = {R79},
  author = {Morgan, X.C. and Tickle, T.L. and Sokol, H. and Gevers, D. and Devaney, K.L. and Ward, D.V. and Reyes, J.A. and Shah, S.A. and LeLeiko, N. and Snapper, S.B. and Bousvaros, A. and Korzenik, J. and Sands, B.E. and Xavier, R.J. and Huttenhower, C.},
  title = {Dysfunction of the intestinal microbiome in inflammatory bowel disease and treatment},
  journal = {Genome Biol}
}
@article{mhe_zhang,
  doi = {10.1038/ajg.2013.221},
  url = {http://dx.doi.org/10.1038/ajg.2013.221},
  year  = {2013},
  month = {jul},
  publisher = {Nature Publishing Group},
  volume = {108},
  number = {10},
  pages = {1601--1611},
  author = {Zhang, Z. and Zhai, H. and Geng, J. and Yu, R. and Ren, H. and Fan, H. and Shi, P.},
  title = {Large-Scale Survey of Gut Microbiota Associated With {MHE} Via 16S {rRNA}-Based Pyrosequencing},
  journal = {Am J Gastroenterol}
}

@article{mets-stad,
  doi = {10.1371/journal.pone.0141399},
  url = {http://dx.doi.org/10.1371/journal.pone.0141399},
  year  = {2015},
  volume = {10},
  number = {10},
  pages = {e0141399},
  author = {Stadlbauer, V. and Leber, B. and Lemesch, S. and Trajanoski, S. and Bashir, M. and Horvath, A. and Tawdrous, M. and Stojakovic, T. and Fauler, G. and Fickert, P. and H\"{o}genauer, C. and Klymiuk, I. and Stiegler, P. and Lamprecht, M. and Pieber, T.R. and Tripolt, N.J. and Sourij, H},
  title = {Lactobacillus casei Shirota Supplementation Does Not Restore Gut Microbiota Composition and Gut Barrier in Metabolic Syndrome: A Randomized Pilot Study},
  journal = {{PLOS} {ONE}}
}
@article{nash-baker,
 doi = {10.1002/hep.26093},
 url = {http://dx.doi.org/10.1002/hep.26093},
 author = {Zhu, L. and Baker, S.S. and Gill, C. and Liu, W. and Alkhouri, R. and Baker, R.D. and Gill, S.R.},
 year = {2013},
 title = {Characterization of gut microbiomes in nonalcoholic steatohepatitis ({NASH}) patients: a connection between endogenous alcohol and {NASH}},
 journal = {Hepatology}, 
 volume = {57}, 
 number = {2},
 pages = {601--609}
}
@article{nash-chan,
  doi = {10.1371/journal.pone.0062885},
  url = {http://dx.doi.org/10.1371/journal.pone.0062885},
  year  = {2013},
  month = {apr},
  volume = {8},
  number = {4},
  pages = {e62885},
  author = {Wong, V.W. and Tse, C. and Lam, T.T. and Wong, G.L. and Chim, A.M. and Chu, W.C. and Yeung, D.K. and Law, P.T. and Kwan, H. and Yu, J. and Sung, J.J. and Chan, H.L.},
  title = {Molecular Characterization of the Fecal Microbiota in Patients with Nonalcoholic Steatohepatitis {\textendash} A Longitudinal Study},
  journal = {{PLoS} {ONE}}
}
@article{ob-escobar,
  title={The gut microbiota of Colombians differs from that of Americans, Europeans and Asians},
  author={Escobar, J.S. and Klotz, B. and Valdes, B.E. and Agudelo, G.M.},
  journal={BMC microbiology},
  volume={14},
  number={1},
  pages={1},
  year={2014},
  publisher={BioMed Central},
  doi = {10.1186/s12866-014-0311-6},
  url = {http://dx.doi.org/10.1186/s12866-014-0311-6}
}
@article{ob-goodrich,
  doi = {10.1016/j.cell.2014.09.053},
  url = {http://dx.doi.org/10.1016/j.cell.2014.09.053},
  year  = {2014},
  month = {nov},
  publisher = {Elsevier {BV}},
  volume = {159},
  number = {4},
  pages = {789--799},
  author = {Goodrich, J.K. and Waters, J.L. and Poole, A.C. and Sutter, J.L. and Koren, O. and Blekhman, R. and Beaumont, M. and Van~Treuren, W. and Knight, R. and Bell, J.T. and Spector, T.D. and Clark, A.G. and Ley, R.E.},
  title = {Human Genetics Shape the Gut Microbiome},
  journal = {Cell}
}
@article{ob-gordon,
  doi = {10.1038/nature07540},
  url = {http://dx.doi.org/10.1038/nature07540},
  year  = {2008},
  volume = {457},
  number = {7228},
  pages = {480--484},
  author = {Turnbaugh, P.J. and Hamady, M. and Yatsunenko, T. and Cantarel, B.L. and Duncan, A. and Ley, R.E. and Sogin, M.L. and Jones, W.J. and Roe, B.A. and Affourtit, J.P. and Egholm, M. and Henrissat, B. and Heath, A.C. and Knight, R. and Gordon, J.I.},
  title = {A core gut microbiome in obese and lean twins},
  journal = {Nature}
}
@article{ob-ross,
  doi = {10.1186/s40168-015-0072-y},
  url = {http://dx.doi.org/10.1186/s40168-015-0072-y},
  year  = {2015},
  volume = {3},
  number = {1},
  pages = {7},
  author = {Ross, M.C. and Muzny, D.M. and McCormick, J.B. and Gibbs, R.A. and Fisher-Hoch, S.P. and Petrosino, J.F.},
  title = {16S gut community of the Cameron County Hispanic Cohort},
  journal = {Microbiome}
}
@article{ob-zupancic,
 doi = {10.1371/journal.pone.0043052},
 url = {http://dx.doi.org/10.1371/journal.pone.0043052},
 title={Analysis of the gut microbiota in the old order {Amish} and its relation to the metabolic syndrome},
 author={Zupancic, M.L. and Cantarel, B.L. and Liu, Z. and Drabek, E.F. and Ryan, K.A. and Cirimotich, S. and Jones, C. and Knight, R. and Walters, W.A. and Knights, D. and Mongodin, E.F. and Horenstein, R.B. and Mitchell, B.D. and Steinle, N. and Snitker, S. and Shuldiner, A.R. and Fraser, C.M.},
 journal={{PloS} one},
 volume={7},
 number={8},
 pages={e43052},
 year={2012},
}
@article{par-schep,
  doi = {10.1002/mds.26069},
  url = {http://dx.doi.org/10.1002/mds.26069},
  year  = {2014},
  month = {dec},
  publisher = {Wiley-Blackwell},
  volume = {30},
  number = {3},
  pages = {350--358},
  author = {Scheperjans, F. and Aho, V. and Pereira, P.A.B. and Koskinen, K. and Paulin, L. and Pekkonen, E. and Haapaniemi , E. and Kaakkola, S. and Eerola-Rautio, J. and Pohja, P. and Kinnunen, E. and Murros, K. and Auvinen, P.},
  title = {Gut microbiota are related to Parkinson's disease and clinical phenotype},
  journal = {Movement Disorders}
}
@article{ra-littman,
  doi = {10.7554/elife.01202},
  url = {http://dx.doi.org/10.7554/eLife.01202},
  year  = {2013},
  volume = {2},
  author = {Scher, J.U. and Sczesnak, A. and Longman, R.S. and Segata, N. and Ubeda, C. and Bielski, C. and Rostron, T. and Cerundolo, V. and Pamer, E.G. and Abramson, S.B. and Huttenhower, C. and Littman, D.R.},
  title = { Expansion of intestinal Prevotella copri correlates with enhanced susceptibility to arthritis },
  journal = {{eLife}}
}
@article{t1d_mejia,
  doi = {10.1038/srep03814},
  url = {http://dx.doi.org/10.1038/srep03814},
  year  = {2014},
  volume = {4},
  author = {Mej{\'{\i}}a-Le{\'{o}}n, M.E. and Petrosino, J.F. and Ajami, N.J. and Dom{\'{\i}}nguez-Bello, M.G. and de la Barca, A.M.C.},
  title = {Fecal microbiota imbalance in Mexican children with type 1 diabetes},
  journal = {Sci. Rep.}
}
@article{t1d_alkanani,
  doi = {10.2337/db14-1847},
  url = {http://dx.doi.org/10.2337/db14-1847},
  year  = {2015},
  volume = {64},
  number = {10},
  pages = {3510--3520},
  author = {Alkanani, A.K. and Hara, N. and Gottlieb, P.A. and Ir, D. and Robertson, C.E. and Wagner, B.D. and Frank, D.N. and Zipris, D.},
  title = {Alterations in Intestinal Microbiota Correlate With Susceptibility to Type 1 Diabetes},
  journal = {Diabetes}
}